<?xml version="1.0" encoding="UTF-8"?><collection xmlns="http://www.loc.gov/MARC21/slim"><record><leader>00626nam--2200193-i-4500</leader><controlfield tag="001">000029805</controlfield><controlfield tag="002">20161230</controlfield><controlfield tag="005">20161230201037</controlfield><controlfield tag="008">060222s1000------------r-----000-0-eng-d</controlfield><datafield ind1=" " ind2=" " tag="040"><subfield code="a">IFIN-HH</subfield></datafield><datafield ind1=" " ind2=" " tag="080"><subfield code="a">530.1:539.171.4.162.2</subfield></datafield><datafield ind1="1" ind2=" " tag="100"><subfield code="a">Marshall, W</subfield></datafield><datafield ind1="1" ind2="0" tag="245"><subfield code="a">Theory of thermal neutron scattering</subfield><subfield code="b">The use of neutrons for the investigation of condensed matter</subfield><subfield code="c">W. marshall; s.w. lovesey</subfield></datafield><datafield ind1=" " ind2=" " tag="260"><subfield code="a">Oxford</subfield><subfield code="b">At The Clarendon Press</subfield><subfield code="c">1971</subfield></datafield><datafield ind1=" " ind2=" " tag="300"><subfield code="a">XIII + 599P</subfield></datafield><datafield ind1=" " ind2=" " tag="490"><subfield code="a">The International Series Of Monographs On Physics</subfield></datafield><datafield ind1="1" ind2=" " tag="700"><subfield code="a">Lovesey, S.W</subfield></datafield><datafield ind1=" " ind2=" " tag="852"><subfield code="a">36633</subfield><subfield code="c">539.17</subfield></datafield><datafield ind1=" " ind2=" " tag="CAT"><subfield code="a">Sys</subfield><subfield code="c">20120608</subfield><subfield code="h">112644</subfield></datafield></record></collection>